@TECHREPORT{Noren2006,
  author = {Claes Alén and Anders Lindvall and Morgan Johansson and Jonas Magnusson and Christer Norén},
  title = {Slitsmurar som Permanenta Konstruktioner, SBUF 11603, ("Diaphragm Walls as Permanent Construction")},
  institution = {SBUF},
  year = {2006},
}

@ARTICLE{Ang2010,
  author = {George Ang and Leo Hendriks},
  title = {Performance Concept in Buildings - A coordinator's vision},
  journal = {Trends and Future Perspectives},
  year = {2010},
  volume = {5},
}

@UNPUBLISHED{Chalmers,
  author = {Chalmers, Björn Engström},
  title = {Conceptual design in engineering},
  note = {Lecture in Structural design 2013},
  year = {2013},
}

@STANDARD{1990,
  title = {Eurocode - Basis of structural design},
  organization = {EUROPEAN COMMITTEE FOR STANDARDIZATION},
  author = {EN-1990},
  year = {1990},
}

@MANUAL{Harryson2014,
  title = {Interview on functional requirements for permanent diaphragm walls},
  author = {Peter Harryson},
  organization = {Trafikverket},
  month = {3},
  year = {2014},
}

@MASTERSTHESIS{JANSSON2006,
  author = {Anette Jansson and Johanna Wikström},
  title = {Load Effects on Permanent Diaphragm Walls},
  school = {Chalmers University of Technology, Divison of Geo Engineering},
  year = {2006},
  pages = {13},
}
@PHDTHESIS{FilipNilenius:doc,
  AUTHOR =       {Filip Nilenius},
  TITLE =        {Moisture and Chloride Transport in Concrete: Mesoscale Modelling and Computational Homogenization.},
  institution =  {Chalmers University of Technology},
  YEAR =         {2014},
  month =        {February},
  note =         {New Series No 3658, 29 pp. + papers}
}
@BOOK{box1978,
  title={Statistics for experimenters},
  author={Box, George EP and Hunter, William Gordon and Hunter, J Stuart},
  year={1978},
  publisher={John Wiley and sons New York}
}
@online{matlab,
  author = {MATLAB},
  title = {Design of Experiments (DOE)},
  year = 2016,
  url = {http://se.mathworks.com/help/stats/design-of-experiments-1.html?refresh=true},
  urldate = {2016-02-03}
}
@Online{stuart1966,
  author =   {Hunter, J Stuart},
  title =    {Design of Experiments},
  date =     {1966-01-01},
  url = {https://www.youtube.com/watch?v=NoVlRAq0Uxs&index=1&list=PLLjJQyCdFaYMjB1BF6wzwg0lZzGomVe-M},
  urldate =      {2016-02-24}
}